@InProceedings{DAA-A,
author="Chen, Liqun
and Urian, Rainer",
editor="Conti, Mauro
and Schunter, Matthias
and Askoxylakis, Ioannis",
title={DAA-A: Direct Anonymous Attestation with Attributes},
booktitle="Trust and Trustworthy Computing",
year="2015",
publisher="Springer",
pages="228--245"
}

@inproceedings{Camenisch:2008,
 author = {Camenisch, Jan and Gro\ss, Thomas},
 title = {Efficient Attributes for Anonymous Credentials},
 booktitle = {CCS '08},
 year = {2008},
 pages = {345--356},
 publisher = {ACM}
 }

@inproceedings{DBLP:conf/cans/HabockK19,
  author    = {Ulrich Hab{\"{o}}ck and
               Stephan Krenn},
  title     = {{Breaking and Fixing Anonymous Credentials for the Cloud}},
  booktitle = {CANS '19},
  pages     = {249--269},
  year      = {2019},
  editor    = {Yi Mu and
               Robert H. Deng and
               Xinyi Huang},
  publisher = {Springer},
}
 
@InProceedings{Au:2006,
author="Au, Man Ho
and Susilo, Willy
and Mu, Yi",
editor="De Prisco, Roberto
and Yung, Moti",
title={Constant-Size Dynamic k-Times Anonymous Authentication},
booktitle="Security and Cryptography for Networks",
year="2006",
publisher="Springer",
pages="111--125"
}

@InProceedings{Barki:2016,
author="Barki, Amira
and Brunet, Solenn
and Desmoulins, Nicolas
and Traor{\'e}, Jacques",
editor="Avanzi, Roberto 
and Heys, Howard",
title={Improved Algebraic {MACs} and Practical Keyed-Verification Anonymous Credentials},
booktitle="Selected Areas in Cryptography -- SAC 2016",
year="2017",
publisher="Springer",
pages="360--380"
}

@inproceedings{Stadler:1996,
  author = {Markus Stadler},
  title ={Publicly Verifiable Secret Sharing}, 
  booktitle = {EUROCRYPT `96},
  pages     = {190-199},
  year      = {1996},
  editor    = {Ueli Maurer},
  series    = {LNCS},
  volume    = {1070},
  publisher = {Springer}
}


@inproceedings{Bellare:2000,
  author = {Mihir Bellare and
	 Alexandra Boldyreva and 
	 Silvio Micali},
  title ={Public-Key Encryption in a Multi-user Setting: Security Proofs and Improvements}, 
  booktitle = {EUROCRYPT 2000},
  pages     = {259--274},
  year      = {2000},
  editor    = {Bart Preneel},
  series    = {LNCS},
  volume    = {1807},
  publisher = {Springer}
}

@inproceedings{Kurosawa:2002,
  author = {Kaoru Kurosawa},
  title ={Multi-recipient Public-Key Encryption with Shortened Ciphertext}, 
  booktitle = {PKC 2002},
  pages     = {48--63},
  year      = {2002},
  editor    = {D. Naccache and P. Paillier},
  series    = {LNCS},
  volume    = {2274},
  publisher = {Springer}
}

@inproceedings{AFGHO:2010,
  author    = {Masayuki Abe and
               Georg Fuchsbauer and
               Jens Groth and
               Kristiyan Haralambiev and
               Miyako Ohkubo},
  title     = {Structure-Preserving Signatures and Commitments to Group Elements},
  booktitle = {CRYPTO 2010},
  pages     = {209--236},
  year      = {2010},
  editor    = {Tal Rabin},
  series    = {LNCS},
  volume    = {6223},
  publisher = {Springer}
}

@inproceedings{ZKP:Groth,
  author    = {Jens Groth},
  title     = {Simulation-Sound NIZK Proofs for a Practical Language and Constant
               Size Group Signatures},
  booktitle = {ASIACRYPT 2006},
  pages     = {444--459},
  year      = {2006},
  editor    = {Xuejia Lai and
               Kefei Chen},
  series    = {LNCS},
  volume    = {4284},
  publisher = {Springer}
}

@inproceedings{AGHO:2011,
  author    = {Masayuki Abe and
               Jens Groth and
               Kristiyan Haralambiev and
               Miyako Ohkubo},
  title     = {Optimal Structure-Preserving Signatures in Asymmetric Bilinear Groups},
  booktitle = {CRYPTO 2011},
  pages     = {649--666},
  year      = {2011},
  editor    = {Phillip Rogaway},
  series    = {LNCS},
  volume    = {6841},
  publisher = {Springer}
}


@article{PRE:Ateniese,
  author    = {Giuseppe Ateniese and
               Kevin Fu and
               Matthew Green and
               Susan Hohenberger},
  title     = {Improved Proxy Re-Encryption Schemes with Applications to Secure Distributed Storage},
  journal   = {{ACM} Trans. Inf. Syst. Secur.},
  volume    = {9},
  number    = {1},
  pages     = {1--30},
  year      = {2006}
}

@inproceedings{DelegatableCredentials,
  author    = {Mira Belenkiy and
               Jan Camenisch and
               Melissa Chase and
               Markulf Kohlweiss and
               Anna Lysyanskaya and
               Hovav Shacham},
  title     = {Randomizable Proofs and Delegatable Anonymous Credentials},
  booktitle = {CRYPTO 2009},
  pages     = {108--125},
  year      = {2009},
  editor    = {Shai Halevi},
  series    = {LNCS},
  volume    = {5677},
  publisher = {Springer}
}

@inproceedings{BBS,
  author    = {Matt Blaze and
               Gerrit Bleumer and
               Martin Strauss},
  title     = {Divertible Protocols and Atomic Proxy Cryptography},
  booktitle = {EUROCRYPT 1998},
  pages     = {127--144},
  year      = {1998},
  editor    = {Kaisa Nyberg},
  series    = {LNCS},
  volume    = {1403},
  publisher = {Springer}
}

@inproceedings{idemix,
  author    = {Jan Camenisch and
               Els Van Herreweghen},
  title     = {Design and implementation of the \emph{idemix} anonymous credential system},
  booktitle = {ACM CCS 2002},
  pages     = {21--30},
  year      = {2002},
  editor    = {Vijayalakshmi Atluri},
  publisher = {ACM}
}

@inproceedings{NontransferableCredentials,
  author    = {Jan Camenisch and
               Anna Lysyanskaya},
  title     = {An Efficient System for Non-transferable Anonymous Credentials with Optional Anonymity Revocation},
  booktitle = {EUROCRYPT 2001},
  pages     = {93--118},
  year      = {2001},
  editor    = {Birgit Pfitzmann},
  series    = {LNCS},
  volume    = {2045},
  publisher = {Springer}
}

@inproceedings{ZKP:CamenischStadler,
  author    = {Jan Camenisch and
               Markus Stadler},
  title     = {Efficient Group Signature Schemes for Large Groups (Extended Abstract)},
  booktitle = {CRYPTO 1997},
  pages     = {410--424},
  year      = {1997},
  editor    = {Burton S. Kaliski Jr.},
  series    = {LNCS},
  volume    = {1294},
  publisher = {Springer}
}

@inproceedings{PRE:Dodis,
  author    = {Anca{-}Andreea Ivan and
               Yevgeniy Dodis},
  title     = {Proxy Cryptography Revisited},
  booktitle = {NDSS 2003},
  year      = {2003},
  publisher = {The Internet Society}
}

@inproceedings{BS:Generic,
  author    = {Marc Fischlin},
  title     = {Round-Optimal Composable Blind Signatures in the Common Reference String Model},
  booktitle = {CRYPTO 2006},
  pages     = {60--77},
  year      = {2006},
  editor    = {Cynthia Dwork},
  series    = {LNCS},
  volume    = {4117},
  publisher = {Springer}
}

@inproceedings{BS:Aborts,
  author    = {Marc Fischlin and
               Dominique Schr{\"{o}}der},
  title     = {Security of Blind Signatures under Aborts},
  booktitle = {PKC 2009},
  pages     = {297--316},
  year      = {2009},
  editor    = {Stanislaw Jarecki and
               Gene Tsudik},
  series    = {LNCS},
  volume    = {5443},
  publisher = {Springer}
}

@inproceedings{BS:Concurrency,
  author    = {Carmit Hazay and
               Jonathan Katz and
               Chiu{-}Yuen Koo and
               Yehuda Lindell},
  title     = {Concurrently-Secure Blind Signatures Without Random Oracles or Setup Assumptions},
  booktitle = {TCC 2007},
  pages     = {323--341},
  year      = {2007},
  editor    = {Salil P. Vadhan},
  series    = {LNCS},
  volume    = {4392},
  publisher = {Springer}
}


@inproceedings{PRE:Jakobsson,
  author    = {Markus Jakobsson},
  title     = {On Quorum Controlled Asymmetric Proxy Re-encryption},
  booktitle = {PKC 1999},
  pages     = {112--121},
  year      = {1999},
  editor    = {Hideki Imai and
               Yuliang Zheng},
  series    = {LNCS},
  volume    = {1560},
  publisher = {Springer}
}

@article{PRE:Okamoto,
  author    = {Masahiro Mambo and Eiji Okamoto},
  title     = {Proxy Cryptosystems: Delegation of the Power to Decrypt Ciphertexts},
  journal   = {{IEICE} Transactions},
  volume    = {80-A},
  number    = {1},
  pages     = {54--63},
  year      = {1997}
}

@inproceedings{towardsEABC,
  author    = {Stephan Krenn and
               Thomas Lor{\"{u}}nser and
               Anja Salzer and
               Christoph Striecks},
  title     = {Towards Attribute-Based Credentials in the Cloud},
  booktitle = {CANS 2017},
  pages     = {179--202},
  year      = {2017},
  editor    = {Srdjan Capkun and
               Sherman S. M. Chow},
  series    = {LNCS},
  volume    = {11261},
  publisher = {Springer}
}

@article{BS:Pointcheval,
  author    = {David Pointcheval and
               Jacques Stern},
  title     = {Security Arguments for Digital Signatures and Blind Signatures},
  journal   = {J. Cryptology},
  volume    = {13},
  number    = {3},
  pages     = {361--396},
  year      = {2000}
}

@techreport{UProve,
  author      = {Christian Paquin and Gregory Zaverucha},
  title       = {{U-Prove} Cryptographic Specification v1.1 (Revision 2)},
  institution = {Microsoft Corporation},
  year        = {2013}
}

@misc{OAuth2RFC,
  author      = {D. Hardt (editor)}, 
  title       = {{RFC} 6749: The {OAuth 2.0} Authorization Framework},
  publisher   = {Internet Engineering Task Force ({IETF})},
  year        = {2012}
}

@misc{OIDC,
  title        = {{OpenID Connect}},
  publisher    = {{OpenID Foundation}},
  howpublished = {\url{https://openid.net/}}
}

@inproceedings{PRE:Zhou,
  author    = {Lidong Zhou and
               Michael A. Marsh and
               Fred B. Schneider and
               Anna Redz},
  title     = {Distributed Blinding for Distributed ElGamal Re-Encryption},
  booktitle = {ICDCS 2005},
  pages     = {815--824},
  year      = {2005},
  publisher = {{IEEE} Computer Society}
}

@article{chaum81,
  author    = {David Chaum},
  title     = {Untraceable Electronic Mail, Return Addresses, and Digital Pseudonyms},
  journal   = {Commun. ACM},
  volume    = {24},
  year      = {1981},
  pages     = {84--88}
}

@article{chaum85,
  author    = {David Chaum},
  title     = {Security Without Identification: Transaction Systems to
               Make Big Brother Obsolete},
  journal   = {Commun. ACM},
  volume    = {28},
  year      = {1985},
  pages     = {1030--1044}
}

@phdthesis{brands99,
  author  = {Stefan Brands},
  title   = {Rethinking Public Key Infrastructure and Digital Certificates -- Building in Privacy},
  school  = {Eindhoven Institute of Technology},
  year    = {1999}
}

@techreport{paqzav13,
  author      = {Christian Paquin and Greg Zaverucha},
  title       = {U-prove Cryptographic Specification v1.1 (Revision 2)},
  year        = {2013},
  month       = {April},
  institution = {Microsoft Corporation}
}

@inproceedings{camlys01,
  author    = {Jan Camenisch and Anna Lysyanskaya},
  title     = {An Efficient System for Non-transferable Anonymous Credentials with Optional Anonymity Revocation},
  booktitle = {EUROCRYPT 2001},
  series    = {LNCS},
  publisher = {Springer},
  editor    = {Birgit Pfitzmann},
  year      = {2001},
  volume    = {2045},
  pages     = {93--118}
}

@inproceedings{camlys02,
  author    = {Jan Camenisch and Anna Lysyanskaya},
  title     = {A Signature Scheme with Efficient Protocols},
  booktitle = {SCN 2002},
  year      = {2002},
  editor    = {Stelvio Cimato and
               Clemente Galdi and
               Giuseppe Persiano},
  pages     = {268--289},
  volume    = {2576},
  series    = {LNCS},
  publisher = {Springer}
}

@inproceedings{camlys04,
  author    = {Jan Camenisch and Anna Lysyanskaya},
  title     = {Signature Schemes and Anonymous Credentials from Bilinear Maps},
  booktitle = {CRYPTO},
  year      = {2004},
  series    = {LNCS},
  publisher = {Springer},
  editor    = {Matthew K. Franklin},
  volume    = {3152},
  pages     = {56--72}
}

@inproceedings{cdhk15,
  author    = {Jan Camenisch and Maria Dubovitskaya and Kristian Haralambiev and Markus Kohlweiss},
  title     = {Composable and Modular Anonymous Credentials: Definitions and Practical Constructions},
  booktitle = {ASIACRYPT, Part {II}},
  year      = {2015},
  series    = {LNCS},
  publisher = {Springer},
  editor    = {Tetsu Iwata and
               Jung Hee Cheon},
  volume    = {9453},
  pages     = {262--288}
}

@inproceedings{camher02,
  author    = {Jan Camenisch and Els Van Herreweghen},
  title     = {Design and Implementation of the {\it idemix} Anonymous Credential System},
  booktitle = {ACM CCS},
  year      = {2002}
}


@inproceedings{BSIG:Radu,
  author    = {Cristian Radu and
               Ren{\'{e}} Govaerts and
               Joos Vandewalle},
  title     = {Witness Hiding Restrictive Blind Signature Scheme},
  booktitle = {Cryptography and Coding 1997},
  pages     = {283--294},
  year      = {1997},
  editor    = {Michael Darnell},
  series    = {LNCS},
  volume    = {1355},
  publisher = {Springer}
}

@inproceedings{BSIG:Maitland,
  author    = {Greg Maitland and
               Colin Boyd},
  title     = {A Provably Secure Restrictive Partially Blind Signature Scheme},
  booktitle = {PKC 2002},
  pages     = {99--114},
  year      = {2002},
  editor    = {David Naccache and
               Pascal Paillier},
  series    = {LNCS},
  volume    = {2274},
  publisher = {Springer},
}

@inproceedings{BSIG:Brands,
  author    = {Stefan Brands},
  title     = {Untraceable Off-line Cash in Wallets with Observers (Extended Abstract)},
  booktitle = {CRYPTO 1993},
  pages     = {302--318},
  year      = {1993},
  editor    = {Douglas R. Stinson},
  series    = {LNCS},
  volume    = {773},
  publisher = {Springer}
}

@inproceedings{fuhasl15,
  author    = {Georg Fuchsbauer and Christian Hanser and Daniel Slamanig},
  title     = {Practical Round-Optimal Blind Signatures in the Standard Model},
  booktitle = {CRYPTO 2015},
  pages     = {233--253},
  year      = {1993},
  editor    = {R. Gennaro and M. Robshaw},
  series    = {LNCS},
  volume    = {9216},
  publisher = {Springer}
}

@article{fuhasl18,
  author    = {Georg Fuchsbauer and Christian Hanser and Daniel Slamanig},
  title     = {Structure-Preserving Signatures on Equivalence Classes and Constant-Size Anonymous Credentials},
  journal   = {J. Cryptology},
  year      = {2018}
}

@inproceedings{DBLP:conf/acisp/YangAXY18,
  author    = {Rupeng Yang and
               Man Ho Au and
               Qiuliang Xu and
               Zuoxia Yu},
  title     = {Decentralized Blacklistable Anonymous Credentials with Reputation},
  booktitle = {ACISP 2018},
  pages     = {720--738},
  year      = {2018},
  editor    = {Willy Susilo and
               Guomin Yang},
  series    = {LNCS},
  volume    = {10946},
  publisher = {Springer}
}

@inproceedings{DBLP:conf/fc/RingersVH17,
  author    = {Sietse Ringers and
               Eric R. Verheul and
               Jaap{-}Henk Hoepman},
  title     = {An Efficient Self-blindable Attribute-Based Credential Scheme},
  booktitle = {FC 2017},
  pages     = {3--20},
  year      = {2017},
  editor    = {Aggelos Kiayias},
  series    = {LNCS},
  volume    = {10322},
  publisher = {Springer}
}

@article{DBLP:journals/jss/ChenZL07,
  author    = {Xiaofeng Chen and
               Fangguo Zhang and
               Shengli Liu},
  title     = {ID-based restrictive partially blind signatures and applications},
  journal   = {Journal of Systems and Software},
  volume    = {80},
  number    = {2},
  pages     = {164--171},
  year      = {2007}
}

@inproceedings{DBLP:conf/fc/ChenZMS06,
  author    = {Xiaofeng Chen and
               Fangguo Zhang and
               Yi Mu and
               Willy Susilo},
  title     = {Efficient Provably Secure Restrictive Partially Blind Signatures from
               Bilinear Pairings},
  booktitle = {FC 2006},
  pages     = {251--265},
  year      = {2006},
  editor    = {Giovanni Di Crescenzo and
               Aviel D. Rubin},
  series    = {LNCS},
  volume    = {4107},
  publisher = {Springer}
}

@inproceedings{DBLP:conf/crypto/Gamal84,
  author    = {Taher El Gamal},
  title     = {A Public Key Cryptosystem and a Signature Scheme Based on Discrete
               Logarithms},
  booktitle = {CRYPTO},
  series    = {Lecture Notes in Computer Science},
  volume    = {196},
  pages     = {10--18},
  publisher = {Springer},
  year      = {1984}
}
